<record><leader>00000cas a22000007a 4500</leader><controlfield tag="001">20494113</controlfield><controlfield tag="008">891016d190119uupr uu ne      0    0spa d</controlfield><datafield ind1=" " ind2=" " tag="010"><subfield code="a">sn 89078192 </subfield></datafield><datafield ind1=" " ind2=" " tag="040"><subfield code="a">PNN</subfield><subfield code="b">eng</subfield><subfield code="c">PNN</subfield><subfield code="d">OCLCQ</subfield></datafield><datafield ind1=" " ind2=" " tag="042"><subfield code="a">msc</subfield></datafield><datafield ind1="0" ind2="3" tag="245"><subfield code="a">El centro de Catan&#771;o.</subfield></datafield><datafield ind1=" " ind2=" " tag="260"><subfield code="a">Catan&#771;o (Bayamo&#769;n), P.R. :</subfield><subfield code="b">Rodri&#769;guez y Pe&#769;rez</subfield></datafield><datafield ind1=" " ind2=" " tag="300"><subfield code="a">v.</subfield></datafield><datafield ind1="0" ind2=" " tag="362"><subfield code="a">[Nu&#769;m. 1] (24 de dic. de 1901)-</subfield></datafield><datafield ind1=" " ind2=" " tag="500"><subfield code="a">"Perio&#769;dico casual y de oportunidad."</subfield></datafield><datafield ind1=" " ind2=" " tag="752"><subfield code="a">United States</subfield><subfield code="b">Puerto Rico</subfield><subfield code="d">Catan&#771;o.</subfield></datafield></record>